@Comment А вот так оформляется библиография при помощи BibTeX.

@Book{Pup09,
  author =		 {Василий Пупкин and Эйнштейн, А.},
  title = 		 {\LaTeX для <<чайников>>},
  publisher = 	 {М.},
  year = 		 {2009},
  language =     "russian"
}


@Book{method,
  title =  {Имитационное моделирование в системе Bizagi Process Modeler},
  year = {2014},
  language =     "russian"
}

@misc{help,
  title  = {BPM User Guides - Bizagi Business Automation & Modeling Help Portal},
  url    = "https://www.bizagi.com/en/resources/help",
}